@article{dagan2017bitter,
  title={Bitter or not? BitterPredict, a tool for predicting taste from chemical structure},
  author={Dagan-Wiener, Ayana and Nissim, Ido and Ben Abu, Natalie and Borgonovo, Gigliola and Bassoli, Angela and Niv, Masha Y},
  journal={Scientific Reports},
  volume={7},
  number={1},
  pages={12074},
  year={2017},
  publisher={Nature Publishing Group UK London}
}

@article{bahia2018bitterness,
  title={Bitterness prediction in-silico: A step towards better drugs},
  author={Bahia, Malkeet Singh and Nissim, Ido and Niv, Masha Y},
  journal={International journal of pharmaceutics},
  volume={536},
  number={2},
  pages={526--529},
  year={2018},
  publisher={Elsevier}
}