@article{dagan2017bitter,
  title={Bitter or not? BitterPredict, a tool for predicting taste from chemical structure},
  author={Dagan-Wiener, Ayana and Nissim, Ido and Ben Abu, Natalie and Borgonovo, Gigliola and Bassoli, Angela and Niv, Masha Y},
  journal={Scientific Reports},
  volume={7},
  number={1},
  pages={12074},
  year={2017},
  publisher={Nature Publishing Group UK London}
}

@article{bahia2018bitterness,
  title={Bitterness prediction in-silico: A step towards better drugs},
  author={Bahia, Malkeet Singh and Nissim, Ido and Niv, Masha Y},
  journal={International journal of pharmaceutics},
  volume={536},
  number={2},
  pages={526--529},
  year={2018},
  publisher={Elsevier}
}

@article{mennella2013bad,
  title={The bad taste of medicines: overview of basic research on bitter taste},
  author={Mennella, Julie A and Spector, Alan C and Reed, Danielle R and Coldwell, Susan E},
  journal={Clinical therapeutics},
  volume={35},
  number={8},
  pages={1225--1246},
  year={2013},
  publisher={Elsevier}
}

@article{tuwani2019bittersweet,
  title={BitterSweet: Building machine learning models for predicting the bitter and sweet taste of small molecules},
  author={Tuwani, Rudraksh and Wadhwa, Somin and Bagler, Ganesh},
  journal={Scientific reports},
  volume={9},
  number={1},
  pages={7155},
  year={2019},
  publisher={Nature Publishing Group UK London}
}

@article{goel2023machine,
  title={Machine learning models to predict sweetness of molecules},
  author={Goel, Mansi and Sharma, Aditi and Chilwal, Ayush Singh and Kumari, Sakshi and Kumar, Ayush and Bagler, Ganesh},
  journal={Computers in Biology and Medicine},
  volume={152},
  pages={106441},
  year={2023},
  publisher={Elsevier}
}

@article{rojas2022chemtastesdb,
  title={ChemTastesDB: A curated database of molecular tastants},
  author={Rojas, Cristian and Ballabio, Davide and Sarmiento, Karen Pacheco and Jaramillo, Elisa Pacheco and Mendoza, Mateo and Garc{\'\i}a, Fernando},
  journal={Food Chemistry: Molecular Sciences},
  volume={4},
  pages={100090},
  year={2022},
  publisher={Elsevier}
}